 @article{Tsats,
 author = {Tsatsaronis, George and Varlamis, Iraklis and Vazirgiannis, Michalis},
 title = {Text relatedness based on a word thesaurus},
 journal = {J. Artif. Int. Res.},
 volume = {37},
 issue = {1},
 month = {January},
 year = {2010},
 issn = {1076-9757},
 pages = {1--40},
 numpages = {40},
 url = {http://portal.acm.org/citation.cfm?id=1861751.1861752},
 acmid = {1861752},
 publisher = {AI Access Foundation},
 address = {USA},
} 